@article{chang2015,
    author = {Chang, Anne-Marie and Aeschbach, Daniel and Duffy, Jeanne F. and Czeisler, Charles A.},
    title = {Evening use of light-emitting {eReaders} negatively affects sleep, circadian timing, and next-morning alertness},
    journal = {Proceedings of the National Academy of Sciences of the United States of America},
    volume = {112},
    number = {4},
    pages = {1232--1237},
    year = {2015},
    month = jan,
    doi = {10.1073/pnas.1418490112},
    pmid = {25535358},
    pmcid = {PMC4313820},
    url = {https://pubmed.ncbi.nlm.nih.gov/25535358/},
    publisher = {National Academy of Sciences}
}

@article{cajochen2011,
    author = {Cajochen, Christian and Frey, Stephanie and Anders, Dorothee and Sp{\"a}ti, Julia and Bues, Matthias and Pross, Andreas and M{\"a}der, Andreas and Wirz-Justice, Anna and Stefani, Oliver},
    title = {Evening exposure to a light-emitting diodes (LED)-backlit computer screen affects circadian physiology and cognitive performance},
    journal = {Journal of Applied Physiology},
    volume = {110},
    number = {5},
    pages = {1432--1438},
    year = {2011},
    month = may,
    doi = {10.1152/japplphysiol.00165.2011},
    pmid = {21415172},
    url = {https://pubmed.ncbi.nlm.nih.gov/21415172/},
    publisher = {American Physiological Society}
}

@article{heath2014,
    author = {Heath, Melanie and Sutherland, Claire and Bartel, Kate and Gradisar, Michael and Williamson, Paul},
    title = {Does one hour of bright or short-wavelength filtered tablet screenlight have a meaningful effect on adolescents' pre-bedtime alertness, sleep, and daytime functioning?},
    journal = {Chronobiology International},
    volume = {31},
    number = {4},
    pages = {496--505},
    year = {2014},
    month = apr,
    doi = {10.3109/07420528.2013.872121},
    pmid = {24579721},
    url = {https://pubmed.ncbi.nlm.nih.gov/24579721/},
    publisher = {Taylor \& Francis}
}